<?xml version="1.0" encoding="UTF-8"?><record xmlns="http://www.loc.gov/MARC21/slim" xmlns:cinclude="http://apache.org/cocoon/include/1.0" xmlns:zs="http://www.loc.gov/zing/srw/">
  <leader>00448nz  a2200133n  4500</leader>
  <controlfield tag="001">no 98113387 </controlfield>
  <controlfield tag="003">DLC</controlfield>
  <controlfield tag="005">19981007052849.9</controlfield>
  <controlfield tag="008">981006n| acannaab|          |n aaa     c</controlfield>
  <datafield tag="010" ind1=" " ind2=" ">
    <subfield code="a">no 98113387 </subfield>
  </datafield>
  <datafield tag="035" ind1=" " ind2=" ">
    <subfield code="a">(OCoLC)oca04831179 </subfield>
  </datafield>
  <datafield tag="040" ind1=" " ind2=" ">
    <subfield code="a">NmU</subfield>
    <subfield code="c">NmU</subfield>
  </datafield>
  <datafield tag="100" ind1="1" ind2="0">
    <subfield code="a">Perkins, W. George</subfield>
  </datafield>
  <datafield tag="670" ind1=" " ind2=" ">
    <subfield code="a">Interpretation of data obtained from non-destructive ... 1998:</subfield>
    <subfield code="b">t.p. (W. George Perkins; WIPP Regulatory Compliance Dept., Sandia Nat. Labs, Albuquerque, NM)</subfield>
  </datafield>
</record>